@misc{garber_2017,
	 year = {2017},
	 author = {Garber, David},
	 publisher = {YouTube},
	 url = {https://www.youtube.com/watch?v=OX5Tab8CjnQ&t=1214s},
	 title = {7 - Example - Design of Doubly-Reinforced Concrete Beams},
	 month = {Jul},
	 journal = {YouTube},
}


@online{3brown1blue-taylorseries,
	 subtitle = {{Essence of Calculus, chapter 11}},
	 year = {2017},
	 title = {{Taylor Series}},
	 author = {{Grant Sanderson}},
	 url = {https://www.youtube.com/watch?v=3d6DsjIBzJ4},
}


@book{nummethods,
	 isbn = {{978-0-07-339792-4}},
	 edition = {7},
	 title = {{Numerical Methods for Engineers}},
	 publisher = {{McGraw Hill Education}},
	 author = {{Chapra, Steven C. and Canale, Raymond P.}},
	 year = {2015},
}


@online{holisticnumericalmethods,
	 author = {Kaw, Autar K. and Kalu, Egwu E. and Nguyen, Duc},
	 url = {http://nm.mathforcollege.com/topics/textbook_index.html},
	 title = {Numerical Methods with Applications},
}